<record><leader>00000cas a2200000 a 4500</leader><controlfield tag="001">15076249</controlfield><controlfield tag="008">870115c18899999msuwr ne      0    0eng d</controlfield><datafield ind1=" " ind2=" " tag="010"><subfield code="a">sn 87065051 </subfield></datafield><datafield ind1=" " ind2=" " tag="040"><subfield code="a">MJA</subfield><subfield code="b">eng</subfield><subfield code="c">MJA</subfield><subfield code="d">MSJ</subfield><subfield code="d">KNP</subfield><subfield code="d">OCL</subfield><subfield code="d">OCLCQ</subfield></datafield><datafield ind1=" " ind2=" " tag="042"><subfield code="a">msc</subfield></datafield><datafield ind1="0" ind2=" " tag="130"><subfield code="a">Meteor (Crystal Springs, Miss. : 1889)</subfield></datafield><datafield ind1="1" ind2="4" tag="245"><subfield code="a">The meteor.</subfield></datafield><datafield ind1=" " ind2=" " tag="260"><subfield code="a">Crystal Springs, Miss. :</subfield><subfield code="b">S.H. Aby</subfield></datafield><datafield ind1=" " ind2=" " tag="300"><subfield code="a">v. :</subfield><subfield code="b">ill.</subfield></datafield><datafield ind1=" " ind2=" " tag="310"><subfield code="a">Weekly</subfield></datafield><datafield ind1="1" ind2=" " tag="362"><subfield code="a">Began in 1889.</subfield></datafield><datafield ind1=" " ind2=" " tag="588"><subfield code="a">Description based on: Vol. 6, no. 46 (Mar. 15, 1889).</subfield></datafield><datafield ind1=" " ind2="4" tag="651"><subfield code="a">Crystal Springs (Miss.)</subfield><subfield code="v">Newspapers.</subfield></datafield><datafield ind1=" " ind2=" " tag="752"><subfield code="a">United States</subfield><subfield code="b">Mississippi</subfield><subfield code="c">Copiah</subfield><subfield code="d">Crystal Springs.</subfield></datafield><datafield ind1="0" ind2="0" tag="780"><subfield code="t">Crystal Springs meteor</subfield><subfield code="w">(DLC)sn 87065048</subfield><subfield code="w">(OCoLC)15078789</subfield></datafield><datafield ind1="1" ind2=" " tag="029"><subfield code="a">AU@</subfield><subfield code="b">000020448232</subfield></datafield></record>